@Inbook{LeVeque1998,
author="LeVeque, Randall J.",
editor="Steiner, O.
and Gautschy, A.",
title="Nonlinear Conservation Laws and Finite Volume Methods",
bookTitle="Computational Methods for Astrophysical Fluid Flow: Saas-Fee Advanced Course 27 Lecture Notes 1997 Swiss Society for Astrophysics and Astronomy",
year="1998",
publisher="Springer Berlin Heidelberg",
address="Berlin, Heidelberg",
pages="1--159",
isbn="978-3-540-31632-9",
doi="10.1007/3-540-31632-9_1",
url="https://doi.org/10.1007/3-540-31632-9_1"
}

